<record xmlns='http://www.loc.gov/MARC21/slim'><leader>01449cim a22003852u 4500</leader><controlfield tag='001'>3600525</controlfield><controlfield tag='005'>20151214182617.0</controlfield><controlfield tag='007'>ss|lmnjluz|nuu</controlfield><controlfield tag='008'>991101s1987    nyunnn         l    eng d</controlfield><datafield ind1=' ' ind2=' ' tag='035'><subfield code='a'>(NIC)notisASF7590</subfield></datafield><datafield ind1=' ' ind2=' ' tag='035'><subfield code='a'>3600525</subfield></datafield><datafield ind1=' ' ind2=' ' tag='035'><subfield code='a'>(OCoLC)63896187</subfield></datafield><datafield ind1=' ' ind2=' ' tag='040'><subfield code='a'>NIC</subfield><subfield code='c'>NIC</subfield><subfield code='d'>NIC</subfield><subfield code='d'>NIC</subfield></datafield><datafield ind1='1' ind2=' ' tag='100'><subfield code='a'>O&apos;Hara, Maureen.</subfield></datafield><datafield ind1='1' ind2='0' tag='245'><subfield code='a'>Database or cultural treasury -- the crucial balance, Cornell University Libraries in the year 2000</subfield><subfield code='h'>[sound recording]</subfield></datafield><datafield ind1=' ' ind2=' ' tag='260'><subfield code='c'>1987.</subfield></datafield><datafield ind1=' ' ind2=' ' tag='300'><subfield code='a'>1 sound cassette (55 min.) :</subfield><subfield code='b'>analog, mono.</subfield></datafield><datafield ind1=' ' ind2=' ' tag='500'><subfield code='a'>Recorded in Ithaca, NY by Cornell University.</subfield></datafield><datafield ind1=' ' ind2=' ' tag='500'><subfield code='a'>Accompanied by: Notes.</subfield></datafield><datafield ind1=' ' ind2=' ' tag='500'><subfield code='a'>Sponsored by: University Library.</subfield></datafield><datafield ind1=' ' ind2=' ' tag='500'><subfield code='a'>Speaker(s): Seznec acts as moderator.</subfield></datafield><datafield ind1=' ' ind2=' ' tag='518'><subfield code='a'>Panel, October 24, 1987.</subfield></datafield><datafield ind1=' ' ind2=' ' tag='520'><subfield code='a'>The three speakers discussed the need for modifications within the various libraries on campus.</subfield></datafield><datafield ind1=' ' ind2='0' tag='650'><subfield code='a'>Academic libraries</subfield><subfield code='x'>Aims and objectives.</subfield></datafield><datafield ind1=' ' ind2='0' tag='650'><subfield code='a'>Academic libraries</subfield><subfield code='x'>Self-evaluation.</subfield></datafield><datafield ind1='2' ind2='0' tag='610'><subfield code='a'>Cornell University</subfield><subfield code='x'>Libraries.</subfield></datafield><datafield ind1='2' ind2='7' tag='610'><subfield code='a'>Cornell University</subfield><subfield code='2'>fast</subfield><subfield code='0'>(OCoLC)fst00530369</subfield></datafield><datafield ind1=' ' ind2='7' tag='650'><subfield code='a'>Academic libraries</subfield><subfield code='x'>Aims and objectives</subfield><subfield code='2'>fast</subfield><subfield code='0'>(OCoLC)fst00795010</subfield></datafield><datafield ind1=' ' ind2='7' tag='650'><subfield code='a'>Libraries</subfield><subfield code='2'>fast</subfield><subfield code='0'>(OCoLC)fst00997341</subfield></datafield><datafield ind1='1' ind2=' ' tag='700'><subfield code='a'>Seznec, Alain</subfield></datafield><datafield ind1='1' ind2=' ' tag='700'><subfield code='a'>Mermin, N. David.</subfield></datafield><datafield ind1='1' ind2=' ' tag='700'><subfield code='a'>Randel, Don Michael</subfield></datafield><datafield ind1='1' ind2=' ' tag='899'><subfield code='a'>CULectures</subfield></datafield><datafield ind1=' ' ind2=' ' tag='905'><subfield code='a'>20000314120000.0</subfield></datafield><datafield ind1='2' ind2=' ' tag='948'><subfield code='a'>20141221</subfield><subfield code='b'>m</subfield><subfield code='d'>batch</subfield><subfield code='e'>lts</subfield><subfield code='x'>addfast</subfield></datafield></record>